%%% BIBLIOGRAPHIE

%%% PAPER

% Head Direction Steering
@incollection{jerald2017vr,
  title={VR interactions},
  author={Jerald, Jason and LaViola Jr, Joseph J and Marks, Richard},
  booktitle={ACM SIGGRAPH 2017 Courses},
  pages={1--105},
  year={2017}
}

% FoV Reduction
@inproceedings{basting2017effectiveness,
  title={The effectiveness of changing the field of view in a HMD on the perceived self-motion},
  author={Basting, Oliver and Fuhrmann, Arnulph and Gr{\"u}nvogel, Stefan M},
  booktitle={2017 IEEE symposium on 3D user interfaces (3DUI)},
  pages={225--226},
  year={2017},
  organization={IEEE}
}

% Rest Frame - Virtual Nose
@inproceedings{wienrich2018virtual,
  title={A virtual nose as a rest-frame-the impact on simulator sickness and game experience},
  author={Wienrich, Carolin and Weidner, Christine Katharina and Schatto, Celina and Obremski, David and Israel, Johann Habakuk},
  booktitle={2018 10th international conference on virtual worlds and games for serious applications (VS-Games)},
  pages={1--8},
  year={2018},
  organization={IEEE}
}

% Text in VR
@inproceedings{dingler2018vr,
  title={Vr reading uis: Assessing text parameters for reading in vr},
  author={Dingler, Tilman and Kunze, Kai and Outram, Benjamin},
  booktitle={Extended Abstracts of the 2018 CHI Conference on Human Factors in Computing Systems},
  pages={1--6},
  year={2018}
}


%%% ONLINE

% Material Parameter Collections Unreal Engine 5
@online{collections,
title = {Material Parameter Collections},
   author = {Epic Games},
   url = {https://docs.unrealengine.com/4.26/en-US/RenderingAndGraphics/Materials/ParameterCollections/},
   urldate = {2023-11-23},
   date = {2023},
   Keywords = {online}
}

% Adventure games definiton and subgenre Walking Simulator
@online{adventure,
title = {What are Adventure Games?},
   author = {Byron Clark},
   url = {https://blog.acer.com/en/discussion/272/what-are-adventure-games},
   urldate = {2023-11-27},
   date = {2023},
   Keywords = {online}
}

% Unreal retargeting
@online{retarget,
title = { IK Rig Retargeting },
   author = {Epic Games},
   url = {https://docs.unrealengine.com/5.1/en-US/ik-rig-animation-retargeting-in-unreal-engine/},
   urldate = {2023-07-27},
   date = {2023},
   Keywords = {online}
}

%%% LUDOGRAPHY

% Subnautica
@misc{Subnautica,
	Author = {{Unknown Worlds Entertainment}},
	Date-Added = {/},
	Date-Modified = {/},
	Howpublished = {\url{https://unknownworlds.com/subnautica/}},
	Keywords = {game},
	Note = {Last accessed 2023-11-23},
	Title = {{Subnautica}},
	Year = {2018}
}

% Starfield
@misc{starfield,
	Author = {{Bethesda}},
	Date-Added = {/},
	Date-Modified = {/},
	Howpublished = {\url{https://bethesda.net/de/game/starfield}},
	Keywords = {game},
	Note = {Last accessed 2023-11-27},
	Title = {{Starfield}},
	Year = {2023}
}

% Monkey Island
@misc{monkey,
	Author = {{LucasArts}},
	Date-Added = {/},
	Date-Modified = {/},
	Howpublished = {\url{https://monkeyisland.fandom.com/wiki/The_Secret_of_Monkey_Island}},
	Keywords = {game},
	Note = {Last accessed 2023-11-27},
	Title = {{The Secret of Monkey Island}},
	Year = {1990}
}
